% Encoding: UTF-8

@Manual{Kursskript,
  title  = {KURSSKRIPTE Struktur und Dynamik biologischer Membranen - Membranspektroskopie},
  author = {Peter MÃ¼ller; Thomas Korte; Andreas Herrmann},
}

@Article{Biltonen1993,
  author    = {Rodney L. Biltonen and Dov Lichtenberg},
  journal   = {Chemistry and Physics of Lipids},
  title     = {The use of differential scanning calorimetry as a tool to characterize liposome preparations},
  year      = {1993},
  month     = {sep},
  number    = {1-3},
  pages     = {129--142},
  volume    = {64},
  doi       = {10.1016/0009-3084(93)90062-8},
  publisher = {Elsevier {BV}},
}

@Article{Wu1977,
  author    = {Enshinn Wu and Kenneth Jacobson and Demetrios Papahadjopoulos},
  journal   = {Biochemistry},
  title     = {Lateral diffusion in phospholipid multibilayers measured by fluorescence recovery after photobleaching},
  year      = {1977},
  month     = {aug},
  number    = {17},
  pages     = {3936--3941},
  volume    = {16},
  doi       = {10.1021/bi00636a034},
  publisher = {American Chemical Society ({ACS})},
}

@Article{Creuwels1996,
  author    = {Lambert A.J.M. Creuwels and Lambert M.G. van Golde and Henk P. Haagsman},
  journal   = {Biochimica et Biophysica Acta ({BBA}) - Biomembranes},
  title     = {Surfactant protein B: effects on lipid domain formation and intermembrane lipid flow},
  year      = {1996},
  month     = {nov},
  number    = {1},
  pages     = {1--8},
  volume    = {1285},
  doi       = {10.1016/s0005-2736(96)00131-9},
  publisher = {Elsevier {BV}},
}

@Article{,
}

@Article{Wang2011,
  author    = {Zhuo Wang and Larry Millet and Mustafa Mir and Huafeng Ding and Sakulsuk Unarunotai and John Rogers and Martha U. Gillette and Gabriel Popescu},
  journal   = {Optics Express},
  title     = {Spatial light interference microscopy ({SLIM})},
  year      = {2011},
  month     = {jan},
  number    = {2},
  pages     = {1016},
  volume    = {19},
  doi       = {10.1364/oe.19.001016},
  publisher = {The Optical Society},
}

@Article{Subedi2020,
  author    = {N. R. Subedi and P. S. Jung and E. L. Bredeweg and S. Nemati and S. E. Baker and D. N. Christodoulides and A. E. Vasdekis},
  journal   = {Scientific Reports},
  title     = {Integrative quantitative-phase and airy light-sheet imaging},
  year      = {2020},
  month     = {nov},
  number    = {1},
  volume    = {10},
  doi       = {10.1038/s41598-020-76730-x},
  publisher = {Springer Science and Business Media {LLC}},
}

@Article{Mazumdar2020,
  author    = {Claire Mazumdar and Edward M. Driggers and Laurence A. Turka},
  journal   = {Cell Metabolism},
  title     = {The Untapped Opportunity and Challenge of Immunometabolism: A New Paradigm for Drug Discovery},
  year      = {2020},
  month     = {jan},
  number    = {1},
  pages     = {26--34},
  volume    = {31},
  doi       = {10.1016/j.cmet.2019.11.014},
  publisher = {Elsevier {BV}},
}

@Article{Walsh2020,
  author    = {Alex J. Walsh and Katherine P. Mueller and Kelsey Tweed and Isabel Jones and Christine M. Walsh and Nicole J. Piscopo and Natalie M. Niemi and David J. Pagliarini and Krishanu Saha and Melissa C. Skala},
  journal   = {Nature Biomedical Engineering},
  title     = {Classification of T-cell activation via autofluorescence lifetime imaging},
  year      = {2020},
  month     = {jul},
  doi       = {10.1038/s41551-020-0592-z},
  publisher = {Springer Science and Business Media {LLC}},
}

@Article{Shyer2020,
  author    = {Justin A. Shyer and Richard A. Flavell and Will Bailis},
  journal   = {Cell Research},
  title     = {Metabolic signaling in T cells},
  year      = {2020},
  month     = {jul},
  number    = {8},
  pages     = {649--659},
  volume    = {30},
  doi       = {10.1038/s41422-020-0379-5},
  publisher = {Springer Science and Business Media {LLC}},
}

@Comment{jabref-meta: databaseType:bibtex;}
